@INPROCEEDINGS{chaparro,
author={O. {Chaparro} and G. {Bavota} and A. {Marcus} and M. D. {Penta}},
booktitle={2014 IEEE International Conference on Software Maintenance and Evolution},
title={On the Impact of Refactoring Operations on Code Quality Metrics},
year={2014},
volume={},
number={},
pages={456-460},
keywords={public domain software;software metrics;software quality;source code (software);refactoring operations;behavior-preserving source code transformations;refactoring solutions;software developers;refactoring impact prediction;source code quality metrics;RIPE supports;refactoring recommendation tool;open source systems;Measurement;Accuracy;Couplings;Equations;Software;Complexity theory;Gettering;Refactoring Impact;Code Quality},
doi={10.1109/ICSME.2014.73},
ISSN={1063-6773},
month={Sep.},}

@book{fowler2018refactoring,
  title={Refactoring: improving the design of existing code},
  author={Fowler, Martin},
  year={2018},
  publisher={Addison-Wesley Professional}
}

@INPROCEEDINGS{lehmanslaws,
author={M. M. {Lehman} and J. F. {Ramil} and P. D. {Wernick} and D. E. {Perry} and W. M. {Turski}},
booktitle={Proceedings Fourth International Software Metrics Symposium},
title={Metrics and laws of software evolution-the nineties view},
year={1997},
volume={},
number={},
pages={20-32},
keywords={software metrics;financial data processing;transaction processing;software maintenance;feedback;software metrics;software evolution;E-type software development;multi-input, multi-output system;feedback;OS/360;software technology;FEAST/1 project;FW financial transaction system;Logica Fastwire;software process modelling;software process improvement;software process dynamics;Lehman's laws;Dynamic programming;Educational institutions;Uniform resource locators;World Wide Web;Genetic programming;Data analysis;Informatics;Negative feedback;Chaos;Project management},
doi={10.1109/METRIC.1997.637156},
ISSN={null},
month={Nov},}

@misc{markosprojecthome,
  title = {MARKOS Project},
  howpublished = {\url{https://sourceforge.net/projects/markosproject/}},
  note = {Accessed: 2020-03-23}
}

@inproceedings{methodlevel,
author = {Kumar, Lov and Satapathy, Shashank Mouli and Murthy, Lalita Bhanu},
title = {Method Level Refactoring Prediction on Five Open Source Java Projects Using Machine Learning Techniques},
year = {2019},
isbn = {9781450362153},
publisher = {Association for Computing Machinery},
address = {New York, NY, USA},
url = {https://doi.org/10.1145/3299771.3299777},
doi = {10.1145/3299771.3299777},
booktitle = {Proceedings of the 12th Innovations on Software Engineering Conference (Formerly Known as India Software Engineering Conference)},
articleno = {Article 7},
numpages = {10},
keywords = {Empirical Software Engineering and Measurements (ESEM), Software Maintenance, Software Refactoring, Machine Learning, Source Code Analysis and Measurement},
location = {Pune, India},
series = {ISEC’19}
}
  
@article{rel1,
title = {An Experimental Investigation on the Innate Relationship between Quality and Refactoring},
year = {2015},
issue_date = {September 2015},
publisher = {Elsevier Science Inc.},
address = {USA},
volume = {107},
number = {C},
issn = {0164-1212},
url = {https://doi.org/10.1016/j.jss.2015.05.024},
doi = {10.1016/j.jss.2015.05.024},
journal = {J. Syst. Softw.},
month = sep,
pages = {1–14},
numpages = {14}
}
  
@inproceedings{rel2,
author = {Ch\'{a}vez, Alexander and Ferreira, Isabella and Fernandes, Eduardo and Cedrim, Diego and Garcia, Alessandro},
title = {How Does Refactoring Affect Internal Quality Attributes? A Multi-Project Study},
year = {2017},
isbn = {9781450353267},
publisher = {Association for Computing Machinery},
address = {New York, NY, USA},
url = {https://doi.org/10.1145/3131151.3131171},
doi = {10.1145/3131151.3131171},
booktitle = {Proceedings of the 31st Brazilian Symposium on Software Engineering},
pages = {74–83},
numpages = {10},
keywords = {Refactoring, code structural quality, software metrics},
location = {Fortaleza, CE, Brazil},
series = {SBES’17}
}
  
@inproceedings{rel3,
author = {Ratzinger, Jacek and Sigmund, Thomas and Vorburger, Peter and Gall, Harald},
year = {2007},
month = {10},
pages = {354-363},
title = {Mining Software Evolution to Predict Refactoring},
isbn = {978-0-7695-2886-1},
journal = {Proceedings - 1st International Symposium on Empirical Software Engineering and Measurement, ESEM 2007},
doi = {10.1109/ESEM.2007.9}
}